%%%%%%%%%%%%%%%%%%%%%%%%%%%%%%%%%%%%%%%%%%%%%%%%%%%%%
% books
@book{Bishop:2006,
	author = "C. Bishop",
	title = "{Pattern Recognition and Machine Learning}",
	publisher = "Springer Verlag",
	year = "2006",
	address = "New York"
}

@book{Bishop:1995,
	author = "C. Bishop",
	title = "{Neural Networks for Pattern Recognition}",
	publisher = "Clarendon Press",
	address = "Oxford",
	year = "1995"
}

@book{DudaHartStork:2001,
	author = {R. Duda and P. Hart and D. Stork},
	title = {Pattern Classification},
	year = {2001},
	publisher = {Wiley-Interscience Publication},
	address = "New York"
}

@book{Haykin:2005,
	title = "Neural Networks A Comprehensive Foundation",
	author = "S. Haykin",
	publisher = "Pearson Education",
	year = "2005",
	address = "New Delhi"
}

@book{GillMurrayWright:1997,
  	author = {P. Gill and W. Murray and M. Wright},
  	publisher = {Academic Press},
	title = {Practical optimization},
	year = "1981",
	address = "London",
}

@book{ForsythPonce:2002,
	author = {D. Forsyth and J. Ponce},
	title = {Computer Vision: A Modern Approach},
	year = {2002},
	address = "New Jersey",
	publisher = {Prentice Hall Professional Technical Reference},
}

%%%%%%%%%%%%%%%%%%%%%%%%%%%%%%%%%%%%%%%%%%%%%%%%%%%%%
% articles

@article{ZeilerFergus:2013,
	author = {M. D. Zeiler and R. Fergus},
	title = {Visualizing and Understanding Convolutional Networks},
  	journal = {Computing Research Repository},
  	volume = {abs/1311.2901},
  	year = {2013},
}

@article{KavukcuogluRanzatoLeCun:2010,
	author = {K. Kavukcuoglu and M.'A. Ranzato and Y. {LeCun}},
	title = {Fast Inference in Sparse Coding Algorithms with Applications to Object Recognition},
	journal = {Computing Research Repository},
	volume = {abs/1010.3467},
	year = {2010}
}

@article{LarochelleBengioLouradourLamblinBottou:2009,
    author = {H. Larochelle and Y. Bengio and J. Louradour and P. Lamblin},
    title = {Exploring Strategies for Training Deep Neural Networks},
    journal = {Journal of Machine Learning Research},
    year = {2009},
    pages = {1--40},
    volume = {10}
}

@article{HintonOsindero:2006,
    author = {G. E. Hinton and S. Osindero},
    title = {A Fast Learning Algorithm for Deep Belief Nets},
    journal = {Neural Computation},
    year = {2006},
    volume = {18},
    number = {7},
    pages = {1527--1554}
} 

@article{LeCunBoserDenkerHenderson:1989,
	author = "Y. {LeCun} and B. Boser and J. S. Denker and D. Henderson and R. E. Howard and W. Hubbard and L. D. Jackel",
	title = "Backpropagation Applied to Handwritten Zip Code Recognition",
	journal = "Neural Computation",
	year = "1989",
	volume = "1",
	number = "4",
	pages = "541--551"
}

@article{Bengio:2009,
	author = "Y. Bengio",
	title = "Learning Deep Architectures for {AI}",
	journal = "Foundations and Trends in Machine Learning",
	pages = "1--127",
	volumne = "2",
	number = "1",
	year = "2009"
}

@article{CiresanMeierSchmidhuber:2012,
	author = {D. C. Ciresan and U. Meier and J. Schmidhuber},
	title = {Multi-Column Deep Neural Networks for Image Classification},
	journal = {Computing Research Repository},
	volume = {abs/1202.2745},
	year = {2012}
}

@article{Rosenblatt:1958,
	author = "F. Rosenblatt",
	title = "The Perceptron: A Probabilistic Model for Information Storage and Organization in the Brain",
	year = "1958",
	institution = "Cornell Aeronautical Laboratory",
	journal = "Psychological Review",
	volume = "65"
}

@article{Bishop:1992,
	author = "C. Bishop",
	title = "Exact Calculation of the Hessian Matrix for the Multilayer Perceptron",
	journal = "Neural Computation",
	volume = "4",
	number = "4",
	pages = {494--501},
	year = "1992"
}

@article{HornikStinchcombeWhite:1989,
	author = "K. Hornik and M. Stinchcombe and H. White",
	title ="Multilayer Feedforward Networks are Universal Approximators",
	year = "1989",
	journal = "Neural Networks",
	volume = {2},
	number = {5},
	pages = {359--366}
}

@article{HintonSrivastavaKrizhevskySutskeverSalakhutdinov:2012,
	author = {G. E. Hinton and N. Srivastava and A. Krizhevsky and I. Sutskever and R. Salakhutdinov},
	title = {Improving Neural Networks by Preventing Co-Adaptation of Feature Detectors},
	journal = {Computing Research Repository},
	volume = {abs/1207.0580},
	year = {2012}
}

@article{NowlanHinton:1992,
	author = "S. J. Nowlan and G. E. Hinton",
	title = "Simplifying Neural Networks by Soft Weight-Sharing",
	journal = "Neural Computation",
	volume = "4",
	number = "4",
	pages = "473--493",
	year = "1992"
}

@article{ErhanBengioCourvilleManzagolVincentBengio:2010,
	author = {D. Erhan and Y. Bengio and A. Courville and P.-A. Manzagol and P. Vincent and S. Bengio},
	title = {Why Does Unsupervised Pre-Training Help Deep Learning?},
	journal = {Journal of Machine Learning Research},
	volume = {11},
	year = {2010},
	pages = {625-660}
} 

@article{LeCunBottouBengioHaffner:1998,
	author = "Y. {LeCun} and L. Buttou and Y. Bengio and P. Haffner",
	title = "Gradient-Based Learning Applied to Document Recognition",
	year = "1998",
	journal = "Proceedings of the IEEE",
	pages = {2278--2324},
	volume = "86"
}

%%%%%%%%%%%%%%%%%%%%%%%%%%%%%%%%%%%%%%%%%%%%%%%%%%%%%
% inproceedings and incollections

@incollection{RumelhartHintonWilliams:1986,
	author = "D. E. Rumelhart and G. E. Hinton and R. J. Williams",
	chapter = "Learning Representations by Back-Propagating Errors",
	title = "Parallel Distributed Processing: Explorations in the Microstructure of Cognition",
	year = "1986",
	pages = {318--362},
	publisher = "MIT Press",
	address = "Cambridge"
}

@inproceedings{SmiardSteinkrausPlatt:2003,
	author = "P. Y. Simard and D. Steinkraus and J. C. Platt",
	title = "Best Practices for Convolutional Neural Networks pplied to Visual Document Analysis",
	booktitle = "Document Analysis and Recognition, International Conference on",
	year = "2003",
	pages = "958--963
}

@inproceedings{BeckerLeCun:1989,
	author = "S. Becker and Y. {LeCun}",
	title = "Improving the Convergence of Back-Propagation Learning with Second-Order Methods",
	booktitle = "Connectionist Models Summer School",
	year = "1989",
	pages = "29--37"
}

@inproceedings{GlorotBengio:2010,
	author = {X. Glorot and Y. Bengio},
	title = {Understanding the Difficulty of Training Deep Feedforward Neural Networks},
	booktitle = {Artificial Intelligence and Statistics, International Conference on},
	year = {2010},
	pages = {249--256}
}

@inproceedings{GlorotBordesBengio:2011, 
	author = {X. Glorot and A. Bordes and Y. Bengio}, 
	title = {Deep Sparse Rectifier Neural Networks}, 
	booktitle = {Artificial Intelligence and Statistics, International Conference on}, 
	year = {2011}, 
	pages = {315-323} 
}

@inproceedings{LeCun:1989,
	author = "Y. {LeCun}" ,
	title = "Generalization and Network Design Strategies",
	booktitle = "Connectionism in Perspective",
	year	= "1989" ,
}

@inproceedings{KrizhevskySutskeverHinton:2012,
	author = {A. Krizhevsky and I. Sutskever and G. E. Hinton},
	title = {{ImageNet} Classification with Deep Convolutional Neural Networks},
	booktitle = {Advances in Neural Information Processing Systems},
	year = {2012},
	pages = {1097--1105}
}

@inproceedings{ErhanManzagolBengioVincent:2009,
	title = {The Difficulty of Training Deep Architectures and the Effect of Unsupervised Pre-Training},
	author = {D. Erhan and P.-A. Manzagol and Y. Bengio and S. Bengio and P. Vincent},
	year = 2009,
	booktitle = {Artificial Intelligence and Statistics, International Conference on},
	pages = {153--160}
}

@incollection{BengioLeCun:2007, 
	author = {Y. bengio and Y. {LeCun}}, 
	title = {Scaling Learning Algorithms towards {AI}}, 
	booktitle = {Large Scale Kernel Machines}, 
	year = {2007}, 
	publisher = {MIT Press},
}

@inproceedings{CiresanMeierMasciGambardellaSchmidhuber:2011,
	author = {D. C. Cire\c{s}an and U. Meier and J. Masci and L. M. Gambardella and J. Schmidhuber},
	title = {Flexible, High Performance Convolutional Neural Networks for Image Classification},
	booktitle = {Artificial Intelligence, International Joint Conference},
	year = {2011},
	pages = {1237--1242}
} 

@inproceedings{SchererMuellerBehnke:2010,
	author = {D. Scherer and A. M\"{u}ller and S. Behnke},
	title = {Evaluation of Pooling Operations in Convolutional Architectures for Object Recognition},
	booktitle = {Artificial Neural Networks, International Conference on},
	year = {2010},
	pages = {92--101},
	%publisher = {Springer-Verlag},
	%address = {Berlin, Heidelberg},
} 

@inproceedings {LeCunKavukvuogluFarabet:2010,
	title = "Convolutional Networks and Applications in Vision",
	author = "Y. {LeCun} and K. Kavukvuoglu and C. Farabet",   
	booktitle ="Circuits and Systems, International Symposium on",   
	year = "2010",
	pages = {253--256}
}

@inproceedings{ZeilerKrishnanTaylorFergus:2010,
	title = "Deconvolutional Networks",
	author = "M. D. Zeiler and D. Krishnan and G. W. Taylor and R. Fergus",   
	booktitle="Computer Vision and Pattern Recognition, Conference on",   
	year = "2010",
	pages = {2528--2535}
}

@inproceedings{JarrettKavukcuogluRanzatoLeCun:2009,
	title = "What is the Best Multi-Stage Architecture for Object Recognition?",
	author = "K. Jarrett and K. Kavukcuogl and M. Ranzato and Y. {LeCun}",   
	booktitle="Computer Vision, International Conference on",   
	year = "2009",
	pages = {2146--2153}
}